@inproceedings{hodgins2009current,
  title={Current and future developments of the C-GEN lightweight direct drive generator for wave \& tidal energy},
  author={Hodgins, N and McDonald, Alasdair and Shek, Jonathan and Keysan, Ozan and Mueller, Markus},
  booktitle={Proceedings of the 8th European Wave and Tidal Energy Conference, Uppsala, Sweden, 2009},
  pages={352--359},
  year={2009}
}

@article{keysan2009determination,
  title={Determination of rotor slot number of an induction motor using an external search coil},
  author={Keysan, Ozan and Ertan, B{\"u}lent H},
  journal={Facta universitatis-series: Electronics and Energetics},
  volume={22},
  number={2},
  pages={227--234},
  year={2009}
}

@inproceedings{hodgins2010linear,
  title={Linear generator for direct drive wave energy applications},
  author={Hodgins, Neil and Keysan, Ozan and McDonald, Alasdair and Mueller, Markus},
  booktitle={The XIX International Conference on Electrical Machines-ICEM 2010},
  pages={1--6},
  year={2010},
  organization={IEEE}
}

@article{keysan2010c,
  title={C-GEN, a lightweight direct drive generator for marine energy converters},
  author={Keysan, Ozan and McDonald, A and Mueller, M and Doherty, R and Hamilton, M},
  year={2010},
  publisher={IET Digital Library}
}

@article{hodgins2011design,
  title={Design and testing of a linear generator for wave-energy applications},
  author={Hodgins, Neil and Keysan, Ozan and McDonald, Alasdair S and Mueller, Markus A},
  journal={IEEE Transactions on Industrial Electronics},
  volume={59},
  number={5},
  pages={2094--2103},
  year={2011},
  publisher={IEEE}
}

@inproceedings{keysan2010higher,
  title={Higher order rotor slot harmonics for rotor speed \& position estimation},
  author={Keysan, Ozan and Ertan, H Bulent},
  booktitle={2010 12th International Conference on Optimization of Electrical and Electronic Equipment},
  pages={416--421},
  year={2010},
  organization={IEEE}
}

@inproceedings{ertan2009external,
  title={External search coil as a means of measuring rotor speed of an induction motor},
  author={Ertan, HB and Keysan, O},
  booktitle={2009 8th International Symposium on Advanced Electromechanical Motion Systems \& Electric Drives Joint Symposium},
  pages={1--6},
  year={2009},
  organization={IEEE}
}

@article{keysan2011homopolar,
  title={A homopolar HTSG topology for large direct-drive wind turbines},
  author={Keysan, Ozan and Mueller, Markus A},
  journal={IEEE transactions on applied superconductivity},
  volume={21},
  number={5},
  pages={3523--3531},
  year={2011},
  publisher={IEEE}
}

@inproceedings{keysan2010speed,
  title={Speed \& position estimation by demodulating rotor slot harmonics},
  author={Keysan, Ozan and Ertan, H B{\"u}lent B{\"u}lent},
  booktitle={The XIX International Conference on Electrical Machines-ICEM 2010},
  pages={1--6},
  year={2010},
  organization={IEEE}
}

@inproceedings{keysan2011direct,
  title={A direct drive permanent magnet generator design for a tidal current turbine (SeaGen)},
  author={Keysan, Ozan and McDonald, Alasdair S and Mueller, Markus},
  booktitle={2011 IEEE International Electric Machines \& Drives Conference (IEMDC)},
  pages={224--229},
  year={2011},
  organization={IEEE}
}

@article{keysan2012transverse,
  title={A transverse flux high-temperature superconducting generator topology for large direct drive wind turbines},
  author={Keysan, Ozan and Mueller, Markus A},
  journal={Physics Procedia},
  volume={36},
  pages={759--764},
  year={2012},
  publisher={Elsevier}
}

@article{keysan2012designing,
  title={Designing the C-GEN lightweight direct drive generator for wave and tidal energy},
  author={Keysan, Ozan and Mueller, M and McDonald, Alasdair and Hodgins, Neil and Shek, Jonathan},
  journal={IET Renewable Power Generation},
  volume={6},
  number={3},
  pages={161--170},
  year={2012},
  publisher={IET Digital Library}
}

@inproceedings{keysan2012linear,
  title={A linear superconducting generator for wave energy converters},
  author={Keysan, Ozan and Mueller, Markus Anton},
  booktitle={6th IET International conference on power electronics, machines and drives (PEMD 2012)},
  pages={1--6},
  year={2012},
  organization={IET}
}

@article{keysan2012real,
  title={Real-time speed and position estimation using rotor slot harmonics},
  author={Keysan, Ozan and Ertan, H Bulent},
  journal={IEEE Transactions on Industrial Informatics},
  volume={9},
  number={2},
  pages={899--908},
  year={2012},
  publisher={IEEE}
}

@article{keysan2013modular,
  title={A modular superconducting generator for offshore wind turbines},
  author={Keysan, Ozan and Olczak, Dariusz and Mueller, Markus A},
  journal={Journal of superconductivity and novel magnetism},
  volume={26},
  pages={2103--2108},
  year={2013},
  publisher={Springer US}
}

@inproceedings{keysan2013magnetic,
  title={Magnetic and structural analysis of a transverse flux claw pole linear machine},
  author={Keysan, Ozan and Burchell, Joe and Mueller, Markus A},
  booktitle={2013 IEEE International Conference on Industrial Technology (ICIT)},
  pages={1904--1908},
  year={2013},
  organization={IEEE}
}

@inproceedings{echenique2013rotor,
  title={Rotor loss prediction in air-cored permanent magnet machines},
  author={Echenique, Estanislao JP and Keysan, Ozan and Mueller, Markus A},
  booktitle={2013 International Electric Machines \& Drives Conference},
  pages={303--310},
  year={2013},
  organization={IEEE}
}

@inproceedings{ertan2013implementation,
  title={Implementation issues of real time position estimation for induction motors using rotor slot harmonics},
  author={Ertan, H B{\"u}lent and Keysan, Ozan},
  booktitle={4th International Conference on Power Engineering, Energy and Electrical Drives},
  pages={1826--1832},
  year={2013},
  organization={IEEE}
}

@article{keysan2013open,
  title={An open source tool to estimate mass and efficiency of wind turbine power take-off systems},
  author={Keysan, Ozan and Mueller, Markus A},
  year={2013},
  publisher={IET Digital Library}
}

@inproceedings{burchell2014proposed,
  title={Proposed Structure for a HTS Generator for Direct Drive Offshore Wind Turbines},
  author={Burchell, Joseph and Keysan, Ozan and Mueller, Markus},
  booktitle={European Wind Energy Conference},
  pages={145--148},
  year={2014}
}

@article{mueller2013electrical,
  title={Electrical drives for direct drive renewable energy systems},
  author={Mueller, Markus and Polinder, Henk},
  year={2013},
  publisher={Elsevier}
}

@article{ertangovde,
  title={G{\"o}vde D{\i}{\c{s}}{\i}nda Yerle{\c{s}}tirilmi{\c{s}} Bobin {\DJ}le Asenkron Motor H{\i}z{\i}n{\i}n {\"O}l{\c{c}}{\"u}lmesi},
  author={Ertan, H B{\"u}lent and Keysan, Ozan}
}

@inproceedings{keysan2014sizing,
  title={Sizing of Electrical Generators for a Floating OWC Array},
  author={Keysan, Ozan and Mueller, Markus A},
  booktitle={European Wind Energy Conference},
  year={2014}
}

@article{keysan2015modular,
  title={A modular and cost-effective superconducting generator design for offshore wind turbines},
  author={Keysan, Ozan and Mueller, Markus},
  journal={Superconductor Science and Technology},
  volume={28},
  number={3},
  pages={034004},
  year={2015},
  publisher={IOP Publishing}
}

@incollection{keysan2013application,
  title={Application of high-temperature superconducting machines to direct drive renewable energy systems},
  author={Keysan, Ozan},
  booktitle={Electrical Drives for Direct Drive Renewable Energy Systems},
  pages={219--252},
  year={2013},
  publisher={Woodhead Publishing}
}

@inproceedings{macadre2015optimal,
  title={Optimal Power Aggregation Methods for Marine Renewable Energy Converters; a Combined Economic and Reliability Approach},
  author={Macadr{\'e}, Laura-Mae and McAuliffe, Fiona Devoy and Keysan, Ozan and Donovan, Martin Heyman and Armstrong, Sara and Murphy, Jimmy and Lynch, Katie},
  booktitle={EWTEC - European Wave and Tidal Energy Conference},
  year={2015}
}

@article{radyjowski2016development,
  title={Development of a superconducting claw-pole linear test-rig},
  author={Radyjowski, Patryk and Keysan, Ozan and Burchell, Joseph and Mueller, Markus},
  journal={Superconductor Science and Technology},
  volume={29},
  number={4},
  pages={044002},
  year={2016},
  publisher={IOP Publishing}
}

@article{alemdar2016design,
  title={Design and implementation of an unregulated DC-DC transformer (DCX) module using LLC resonant converter},
  author={Alemdar, OS and Keysan, Ozan},
  year={2016},
  publisher={IET Digital Library}
}

@article{bernholz2016analytical,
  title={Analytical model for superconducting generators for wave energy systems},
  author={Bernholz, Jan J and Keysan, Ozan and Mueller, Markus A},
  year={2016},
  publisher={IET Digital Library}
}

@inproceedings{uugur2017dc,
  title={DC link capacitor optimization for integrated modular motor drives},
  author={U{\u{g}}ur, Mesut and Keysan, Ozan},
  booktitle={2017 IEEE 26th International Symposium on Industrial Electronics (ISIE)},
  pages={263--270},
  year={2017},
  organization={IEEE}
}

@inproceedings{ceylan2017effect,
  title={Effect of Conducting Containment on Electromagnetic Launcher Efficiency},
  author={Ceylan, Do{\u{g}}a and Keysan, Ozan},
  booktitle={18th International Symposium on Electromagnetic Fields in Mechatronics, Electrical and Electronic Engineering},
  year={2017}
}

@inproceedings{zeinali2017novel,
  title={A Novel Magnetic Geared Superconducting Generator Design for Direct-Drive Wind Turbines},
  author={Zeinali, Reza and Keysan, Ozan},
  booktitle={10th Japaneese-Mediteranean Workshop on Applied Electromagnetic Engineering for Magnetic, Superconducting and Nano Materials},
  year={2017}
}

@inproceedings{erdogan2016optimizing,
  title={Optimizing the efficiency in AC energy transfer via a stack of four coils made of 2G HTS tapes},
  author={Erdogan, Muzaffer and Cicek, Ahmet and Yildiz, Sukru and Tun{\c{c}}, Serhat and Keysan, Ozan and Inanir, Fedai},
  booktitle={International Conference on Energy Systems},
  year={2016}
}

@inproceedings{ceylan2017armature,
  title={Armature shape optimization of an electromagnetic launcher using genetic algorithm},
  author={Ceylan, D and G{\"u}delek, MU and Keysan, O},
  booktitle={IEEE Pulsed Power Conference},
  year={2017}
}

@inproceedings{csahin2018new,
  title={A new model predictive torque control strategy with reduced set of prediction vectors},
  author={{\c{S}}ahin, {\.I}lker and Keysan, Ozan},
  booktitle={2018 IEEE 12th International Conference on Compatibility, Power Electronics and Power Engineering (CPE-POWERENG 2018)},
  pages={1--6},
  year={2018},
  organization={IEEE}
}

@article{ceylan2018armature,
  title={Armature shape optimization of an electromagnetic launcher including contact resistance},
  author={Ceylan, Do{\u{g}}a and G{\"u}delek, Mehmet U{\u{g}}ur and Keysan, Ozan},
  journal={IEEE Transactions on Plasma Science},
  volume={46},
  number={10},
  pages={3619--3627},
  year={2018},
  publisher={IEEE}
}

@inproceedings{cakal2018design,
  title={Design and Optimization of Reduced Torque Ripple Rotary Voice Coil Motor},
  author={Cakal, Gokhan and Zeinali, Reza and Keysan, Ozan},
  booktitle={2018 XIII International Conference on Electrical Machines (ICEM)},
  pages={663--669},
  year={2018},
  organization={IEEE}
}

@inproceedings{ugur2018design,
  title={Design of a GaN based integrated modular motor drive},
  author={Ugur, M and Keysan, Ozan},
  booktitle={2018 XIII International Conference on Electrical Machines (ICEM)},
  pages={1471--1477},
  year={2018},
  organization={IEEE}
}

@inproceedings{duymaz2018design,
  title={Design of a power plant emulator for the dynamic frequency stability studies},
  author={Duymaz, Erencan and Pourkeivannour, Siamak and Ceylan, Do{\u{g}}a and {\c{S}}ahin, Ilker and Keysan, Ozan},
  booktitle={2018 XIII International Conference on Electrical Machines (ICEM)},
  pages={152--157},
  year={2018},
  organization={IEEE}
}

@inproceedings{karakaya2018investigation,
  title={Investigation of turn-on and turn-off characteristics of enhancement-mode GaN power transistors},
  author={Karakaya, Furkan and Ugur, Mesut and Keysan, Ozan},
  booktitle={2018 20th European Conference on Power Electronics and Applications (EPE'18 ECCE Europe)},
  pages={P--1},
  year={2018},
  organization={IEEE}
}

@inproceedings{uugur2018comparison,
  title={Comparison of inverter topologies suited for integrated modular motor drive applications},
  author={U{\u{g}}ur, Mesut and Sara{\c{c}}, Hakan and Keysan, Ozan},
  booktitle={2018 IEEE 18th International Power Electronics and Motion Control Conference (PEMC)},
  pages={524--530},
  year={2018},
  organization={IEEE}
}

@inproceedings{mutlu2018limited,
  title={Limited-jerk sinusoidal trajectory design for FOC of PMSM with H-infinity optimal controller},
  author={Mutlu, Mehmet Kaan and Keysan, Ozan and Ulutas, Baris},
  booktitle={2018 IEEE 18th International Power Electronics and Motion Control Conference (PEMC)},
  pages={704--710},
  year={2018},
  organization={IEEE}
}

@article{mueller2018improving,
  title={Improving the thermal performance of rotary and linear air-cored permanent magnet machines for direct drive wind and wave energy applications},
  author={Mueller, Markus A and Burchell, Joseph and Chong, Yew Chuan and Keysan, Ozan and McDonald, Alasdair and Galbraith, Mike and Subiabre, Estanislao JP Echenique},
  journal={IEEE Transactions on Energy Conversion},
  volume={34},
  number={2},
  pages={773--781},
  year={2018},
  publisher={IEEE}
}

@inproceedings{uugur2018evaluation,
  title={Evaluation of photovoltaic systems for reactive power compensation in low voltage power systems},
  author={U{\u{g}}ur, Mesut and Duymaz, Erencan and G{\"o}l, Murat and Keysan, Ozan},
  booktitle={2018 IEEE PES Innovative Smart Grid Technologies Conference Europe (ISGT-Europe)},
  pages={1--6},
  year={2018},
  organization={IEEE}
}

@inproceedings{akgemci2018minimization,
  title={Minimization of EMF Harmonics and Cogging Torque for a Medium Speed RFPM Wind Turbine Generator},
  author={Akgemci, Aysel and Zeinali, Reza and Keysan, Ozan},
  booktitle={2018 7th International Conference on Renewable Energy Research and Applications (ICRERA)},
  pages={342--347},
  year={2018},
  organization={IEEE}
}

@article{mesut2018tumlecsik,
  title={T{\"u}mle{\c{s}}ik Mod{\"u}ler Motor S{\"u}r{\"u}c{\"u} Sistemi Tasar{\i}m{\i}},
  author={Mesut U{\u{g}}ur, Ozan Keysan},
  journal={F{\i}rat {\"U}niversitesi M{\"u}hendislik Bilimleri Dergisi},
  volume={30},
  number={3},
  pages={75--83},
  year={2018}
}

@article{zeinali2019rare,
  title={A rare-earth free magnetically geared generator for direct-drive wind turbines},
  author={Zeinali, Reza and Keysan, Ozan},
  journal={Energies},
  volume={12},
  number={3},
  pages={447},
  year={2019},
  publisher={MDPI}
}

@mastersthesis{keysan2009non,
  title={A non-invasive speed and position sensor for induction machines using external search coils},
  author={Keysan, Ozan},
  year={2009},
  school={Middle East Technical University}
}

@article{asl2019multi,
  title={Multi-objective design optimization of a permanent magnet axial flux eddy current brake},
  author={ASL, RASUL TARVIRDILU and Y{\"U}KSEL, H{\"U}SEY{\.I}N MURAT and Keysan, Ozan},
  journal={Turkish Journal of Electrical Engineering and Computer Sciences},
  volume={27},
  number={2},
  pages={998--1011},
  year={2019}
}

@inproceedings{ertekin2020metu,
  title={METU Smart Campus Project (iEAST)},
  author={Ertekin, {\c{S}}eyda and Keysan, Ozan and G{\"o}l, Murat and Bayaz{\i}t, Hande and Y{\i}ld{\i}z, Tuna and Marr, Andrea and Ganji, Mehdi and Teimourzadeh, Saeed and T{\"o}r, Osman B{\"u}lent and {\"O}zkavaf, S{\i}la},
  booktitle={New Technologies, Development and Application II 5},
  pages={287--297},
  year={2020},
  organization={Springer International Publishing}
}

@article{uugur2019multi,
  title={Multi-physics design optimisation of a GaN-based integrated modular motor drive system},
  author={U{\u{g}}ur, Mesut and Keysan, Ozan},
  journal={The Journal of Engineering},
  volume={2019},
  number={17},
  pages={3900--3905},
  year={2019},
  publisher={The Institution of Engineering and Technology}
}

@article{ceylan2019simulations,
  title={Simulations and experiments of EMFY-1 electromagnetic launcher},
  author={Ceylan, Do{\u{g}}a and Karag{\"o}z, Mustafa and {\c{C}}evik, Yasin and Y{\i}ld{\i}r{\i}m, Baran and Polat, Hakan and Keysan, Ozan},
  journal={IEEE Transactions on Plasma Science},
  volume={47},
  number={7},
  pages={3336--3343},
  year={2019},
  publisher={IEEE}
}

@inproceedings{bacskaya2018modular,
  title={Modular axial-flux direct drive permanent magnet generator for wind turbine applications},
  author={Ba{\c{s}}kaya, Ayd{\i}n and Keysan, Ozan},
  booktitle={FINAL CONFERENCE 2018},
  pages={209},
  year={2018}
}

@article{temiz2019performance,
  title={Performance comparison of passive series R and shunt R-C damped LCL filter for grid-connected inverters},
  author={Temiz, Hakan and Demirok, Erhan and Keysan, Ozan and T{\"u}rkay, Ali and {\c{C}}etinkaya, Burak},
  journal={The Journal of Engineering},
  volume={2019},
  number={18},
  pages={4698--4702},
  year={2019},
  publisher={The Institution of Engineering and Technology}
}

@inproceedings{ccakal2019design,
  title={Design of double sided linear motor with easy to manufacture hairpin plate winding},
  author={{\c{C}}akal, G{\"o}khan and Keysan, Ozan},
  booktitle={2019 12th international symposium on linear drives for industry applications (LDIA)},
  pages={1--5},
  year={2019},
  organization={IEEE}
}

@inproceedings{yuruk2019high,
  title={High bandwidth current control via nonlinear compensation and GaN-based VSI},
  author={Y{\"u}r{\"u}k, H{\"u}seyin and Keysan, Ozan and Ulutas, Baris},
  booktitle={2019 IEEE 13th International Conference on Compatibility, Power Electronics and Power Engineering (CPE-POWERENG)},
  pages={1--7},
  year={2019},
  organization={IEEE}
}

@inproceedings{csahin2019simplified,
  title={A simplified discrete-time implementation of FCS-MPC applied to an IM drive},
  author={{\c{S}}ahin, {\.I}lker and Keysan, Ozan},
  booktitle={2019 21st European Conference on Power Electronics and Applications (EPE'19 ECCE Europe)},
  pages={P--1},
  year={2019},
  organization={IEEE}
}

@inproceedings{alemdar2019pcb,
  title={PCB Layout Based Short-Circuit Protection Scheme for GaN HEMTs},
  author={Alemdar, Ozturk Sahin and Karakaya, Furkan and Keysan, Ozan},
  booktitle={2019 IEEE Energy Conversion Congress and Exposition (ECCE)},
  pages={2212--2218},
  year={2019},
  organization={IEEE}
}

@inproceedings{bayazit2019fault,
  title={Fault Tolerance Capabilities of Three, Four and Six-Phase Configurations of a 24 Slot Modular PMSM},
  author={Bayaz{\i}t, G{\"o}ksenin Hande and U{\u{g}}ur, Mesut and Keysan, Ozan},
  booktitle={2019 IEEE 13th International Conference on Power Electronics and Drive Systems (PEDS)},
  pages={1--6},
  year={2019},
  organization={IEEE}
}

@inproceedings{ceylan2019comparative,
  title={A comparative study of capacitive and inductive pulsed power supply topologies for electromagnetic launcher applications},
  author={Ceylan, Do{\u{g}}a and Pourkeivannour, Siamak and Keysan, Ozan},
  booktitle={2019 International Aegean Conference on Electrical Machines and Power Electronics (ACEMP) \& 2019 International Conference on Optimization of Electrical and Electronic Equipment (OPTIM)},
  pages={297--303},
  year={2019},
  organization={IEEE}
}

@inproceedings{polat2019utilization,
  title={Utilization and Optimization of Superconducting Coil Parameters in Electromagnetic Launcher Systems},
  author={Polat, Hakan and Ceylan, Do{\u{g}}a and Keysan, Ozan},
  booktitle={2019 IEEE Pulsed Power \& Plasma Science (PPPS)},
  pages={1--6},
  year={2019},
  organization={IEEE}
}

@article{ozlu2009external,
  title={External Search Coil as a Means of Measuring Rotor Speed of an Induction Motor},
  author={{\"O}zl{\"u} Ertan, Hatice G{\"u}l{\c{c}}in and Keysan, Ozan},
  year={2009}
}

@article{polat2020optimization,
  title={Optimization of a convex rail design for electromagnetic launchers},
  author={Polat, Hakan and Tosun, Nail and Ceylan, Do{\u{g}}a and Keysan, Ozan},
  journal={IEEE Transactions on Plasma Science},
  volume={48},
  number={6},
  pages={2266--2273},
  year={2020},
  publisher={IEEE}
}

@article{yuruk2021comparison,
  title={Comparison of the Effects of Nonlinearities for Si MOSFET and GaN E-HEMT based VSIs},
  author={Yuruk, Huseyin and Keysan, Ozan and Ulutas, Baris},
  journal={IEEE Transactions on Industrial Electronics},
  volume={68},
  number={7},
  pages={5606--5615},
  year={2021},
  publisher={IEEE}
}

@article{tosun2020hybrid,
  title={A hybrid simulation model for electromagnetic launchers including the transient inductance and electromotive force},
  author={Tosun, Nail and Polat, Hakan and Ceylan, Do{\u{g}}a and Karagoz, Mustafa and Y{\i}ld{\i}r{\i}m, Baran and G{\"u}ngen, Ibrahim and Keysan, Ozan},
  journal={IEEE Transactions on Plasma Science},
  volume={48},
  number={9},
  pages={3220--3228},
  year={2020},
  publisher={IEEE}
}

@article{temiz2020adaptive,
  title={Adaptive controller based on grid impedance estimation for stable operation of grid-connected inverters under weak grid conditions},
  author={Temiz, Hakan and Keysan, Ozan and Demirok, Erhan},
  journal={IET Power Electronics},
  volume={13},
  number={13},
  pages={2692--2705},
  year={2020},
  publisher={The Institution of Engineering and Technology}
}

@inproceedings{csahin2020experimental,
  title={Experimental tuning and design guidelines of a dynamically reconfigured weighting factor for the predictive torque control of an induction motor},
  author={{\c{S}}AH{\.I}N, {\.I}lker and Keysan, Ozan and Monmasson, Eric},
  booktitle={2020 22nd European Conference on Power Electronics and Applications (EPE'20 ECCE Europe)},
  pages={P--1},
  year={2020},
  organization={IEEE}
}

@article{tosun2021comparison,
  title={A Comparison of Velocity Skin Effect Modeling with 2-D Transient and 3-D Quasi-transient Finite Element Methods},
  author={Tosun, Nail and Keysan, Ozan},
  journal={IEEE Transactions on Plasma Science},
  volume={1},
  pages={1--6},
  year={2021},
  publisher={IEEE}
}

@article{keysan201725,
  title={25 kW {\c{C}}at{\i} Tipi G{\"u}ne{\c{s}} Panellerin {\c{S}}ebeke Ba{\u{g}}lant{\i}s{\i}n{\i}n Yap{\i}lmas{\i}},
  author={Keysan, Ozan},
  year={2017}
}

@article{keysan2016gucc,
  title={G{\"u}{\c{c}} Sistemleri i{\c{c}}in Veri {\"O}l{\c{c}}{\"u}m{\"u} ve {\.I}zleme Sisteminin Geli{\c{s}}tirilmesi},
  author={Keysan, Ozan and Akgemci, Aysel and Demir, Jeanpiere},
  year={2016}
}

@article{keysan2018gan,
  title={GaN Tabanl{\i} Bir T{\"u}mle{\c{s}}ik Mod{\"u}ler Motor S{\"u}r{\"u}c{\"u} (IMMD) Tasar{\i}m{\i} ve Geli{\c{s}}tirilmesi},
  author={Keysan, Ozan and Karakaya, Furkan and Duymaz, Erencan and U{\u{g}}ur, Mesut and Akgemci, Aysel},
  year={2018}
}

@article{polat2022balancing,
  title={Balancing of Common DC-Bus Parallel Connected Modular Inductive Power Transfer Systems},
  author={Polat, Hakan and Ayaz, Enes and Altun, Og{\"u}n and Keysan, Ozan},
  journal={IEEE Journal of Emerging and Selected Topics in Power Electronics},
  volume={10},
  number={2},
  pages={1587--1596},
  year={2022},
  publisher={IEEE}
}

@inproceedings{csahin2020simulink,
  title={A simulink model for the induction machine with an inter-turn short circuit fault},
  author={{\c{S}}ahin, {\.I}LKER and Bayaz{\i}t, G{\"o}ksenin Hande and Keysan, Ozan},
  booktitle={2020 International Conference on Electrical Machines (ICEM)},
  volume={1},
  pages={1273--1279},
  year={2020},
  organization={IEEE}
}

@inproceedings{tokgoz2020design,
  title={Design and implementation of an optimized printed circuit board axial-flux permanent magnet machine},
  author={Tokg{\"o}z, Furkan and {\c{C}}akal, G{\"o}khan and Keysan, Ozan},
  booktitle={2020 International Conference on Electrical Machines (ICEM)},
  volume={1},
  pages={111--116},
  year={2020},
  organization={IEEE}
}

@inproceedings{akgemci2020design,
  title={Design and analysis of a 2.5 MW hybrid excited synchronous wind turbine generator with two separate rotors},
  author={Akgemci, A and Keysan, O},
  booktitle={2020 International Conference on Electrical Machines (ICEM)},
  volume={1},
  pages={1862--1867},
  year={2020},
  organization={IEEE}
}

@article{inanir2018farkli,
  title={Farkl{\i} S{\"u}periletken Jenerat{\"o}r Topolojilerinin ve Bile{\c{s}}enlerinin Say{\i}sal Y{\"o}ntemlerle Tasar{\i}m{\i}, Elektromanyetik ve Is{\i}l Performanslar{\i}n{\i}n {\.I}ncelenmesi},
  author={{\.I}NANIR, FEDA{\.I} and G{\"O}M{\"O}RY, Fedor and KEYSAN, Ozan and YILDIZ, {\c{S}}{\"u}kr{\"u}},
  year={2018}
}

@article{sahin2021model,
  title={Model Predictive Controller Utilized as an Observer for Inter-Turn Short Circuit Detection in Induction Motors},
  author={Sahin, Ilker and Keysan, Ozan},
  journal={IEEE Transactions on Energy Conversion},
  year={2021},
  publisher={IEEE}
}

@article{bulent2009speed,
  title={Speed and rotor position estimation of electrical machines using rotor slot harmonics or higher order rotor slot harmonics},
  author={Bulent, Ertan Hulusi and Keysan, Ozan},
  journal={EU patent},
  volume={2556381},
  pages={B1},
  year={2009}
}

@article{uugur2017tumlecsik,
  title={T{\"u}mle{\c{s}}ik Mod{\"u}ler Motor S{\"u}r{\"u}c{\"u} Sistemi Tasar{\i}m{\i} Design of an Integrated Modular Motor Drive System},
  author={U{\u{g}}ur, Mesut and Keysan, Ozan},
  year={2017},
  publisher={null}
}

@article{cakal2021axial,
  title={Axial flux generator with novel flat wire for direct-drive wind turbines},
  author={Cakal, Gokhan and Keysan, Ozan},
  journal={IET Renewable Power Generation},
  volume={15},
  pages={139--152},
  year={2021},
  publisher={IET - The Institution of Engineering and Technology}
}

@article{karakaya2021layout,
  title={Layout-based ultrafast short-circuit protection technique for parallel-connected GaN HEMTs},
  author={Karakaya, Furkan and Alemdar, Ozturk Sahin and Keysan, Ozan},
  journal={IEEE Journal of Emerging and Selected Topics in Power Electronics},
  volume={9},
  number={5},
  pages={6385--6395},
  year={2021},
  publisher={IEEE}
}

@article{tokgoz2020comparison,
  title={Comparison of PCB winding topologies for axial-flux permanent magnet synchronous machines},
  author={Tokg{\"o}z, Furkan and {\c{C}}akal, G{\"o}khan and Keysan, Ozan},
  journal={IET Electric Power Applications},
  volume={14},
  number={13},
  pages={2577--2586},
  year={2020},
  publisher={The Institution of Engineering and Technology}
}

@article{alasdair2015electrical,
  title={How electrical machine and drivetrain design can influence Offshore Wind Cost of Energy},
  author={Alasda{\i}r, Mcdonald and Keysan, Ozan},
  year={2015},
  publisher={null}
}

@article{tuncc2016finite,
  title={Finite Element Analysis of Simultaneous Electromagnetic and Heat Transfer Equations in HTS Coil},
  author={Tun{\c{c}}, Serhat and Erdo{\u{g}}an, Muzaffer and Y{\i}ld{\i}z, {\c{S}}{\"u}kr{\"u} and {\c{C}}i{\c{c}}ek, Ahmet and Keysan, Ozan and {\.I}nan{\i}r, Fedai},
  year={2016}
}

@article{inanir2015designing,
  title={Designing and Optimizing of High Field MRI Magnets Composed of 4 Layer Superconducting Coils Made of MgB2 Wire},
  author={{\.I}nan{\i}r, Fedai and P{\i}nar, K{\"u}t{\"u}k{\c{c}}{\"u} and Keysan, Ozan},
  year={2015},
  publisher={null}
}

@article{keysan201510,
  title={10 MW Superconducting Generator Design for Offshore Wind Turbines},
  author={Keysan, Ozan},
  year={2015},
  publisher={null}
}

@article{keysan2019applications,
  title={Applications of Superconductivity in the Energy Area},
  author={Keysan, Ozan},
  year={2019},
  publisher={null}
}

@article{keysan2011superconducting,
  title={Superconducting generators for renewable energy applications},
  author={Keysan, Ozan and Mueller, Markus A},
  year={2011},
  publisher={IET}
}

@article{cakal2021flat,
  title={Flat winding made of aluminum or copper sheet for axial flux machines},
  author={Cakal, Gokhan and Keysan, Ozan},
  journal={IET Electric Power Applications},
  year={2021}
}

@article{inanir2017numerical,
  title={Numerical analysis of temperature distribution of superconducting coil stack},
  author={{\.I}nan{\i}r, Fedai and Bak, Bekir and Y{\i}ld{\i}z, {\c{S}}{\"u}kr{\"u} and Keysan, Ozan},
  year={2017},
  publisher={null}
}

@incollection{ertekin2019new,
  title={New Technologies, Development and Application II},
  author={Ertekin Bolelli, {\c{S}}eyda and Keysan, Ozan and G{\"o}l, Murat and Ganji, Mehdi and Teimourzadeh, Saeed and T{\"o}r, Osman B{\"u}lent and {\"O}zkavaf, S{\i}la},
  year={2019},
  publisher={null}
}

@article{karakaya2021feasibility,
  title={Feasibility of Quasi-Square-Wave Zero-Voltage-Switching Bi-Directional DC/DC Converters with GaN HEMTs},
  author={Karakaya, Furkan and G{\"u}lsuna, {\"O}zg{\"u}r and Keysan, Ozan},
  journal={Energies},
  volume={14},
  number={10},
  pages={1--12},
  year={2021},
  publisher={MDPI}
}

@article{ozcan2021optimum,
  title={Optimum bidding strategy for wind and solar power plants in day-ahead electricity market},
  author={{\"O}zcan, Mehmet and Keysan, Ozan and Sat{\i}r, Benh{\"u}r},
  journal={Energy Systems},
  volume={12},
  pages={955--987},
  year={2021},
  publisher={Springer Berlin Heidelberg}
}

@article{polat2021fault,
  title={Fault tolerant modular inductive power transfer system design using resonator coil},
  author={Polat, Hakan and Ayaz, Enes and Altun, Og{\"u}n and Keysan, Ozan},
  journal={Authorea Preprints},
  year={2021},
  publisher={Authorea}
}

@article{ozkuccuk2023review,
  title={Review on Embedded Methods in Parameter Estimation and Auto-tuning of Permanent Magnet Synchronous Servo Machine Driven Industrial Systems},
  author={{\"O}zk{\"u}{\c{c}}{\"u}k, Serhat},
  journal={Authorea Preprints},
  year={2023},
  publisher={Authorea}
}

@article{tosun2023bus,
  title={Bus impact on the inductance distribution of electromagnetic launchers},
  author={Tosun, Nail and Keysan, Ozan},
  journal={Authorea Preprints},
  year={2023},
  publisher={Authorea}
}

@article{tosun2023inductance,
  title={Inductance Gradient Calculations of EMFY-3 Electromagnetic Launcher},
  author={Tosun, Nail and Keysan, Ozan},
  journal={Authorea Preprints},
  year={2023},
  publisher={Authorea}
}

@article{yuruk2022parallel,
  title={Parallel connected GaN E-HEMT VSI-based servo drives for PMSMs},
  author={Yuruk, Huseyin and Keysan, Ozan},
  journal={IET Electric Power Applications},
  volume={16},
  number={1},
  pages={86--99},
  year={2022},
  publisher={IET}
}

@article{soheil2021centralized,
  title={Centralized Microgrid Control System in Compliance with IEEE 2030.7 Standard Based on an Advanced Field Unit},
  author={Soheil, Pouraltafi-kheljan and Mesut, Ugur and Efecan, Bozulu and Bahadir Can, {\c{C}}ali{\c{s}}kan and Ozan, Keysan and Murat, Gol},
  journal={Energies},
  volume={14},
  number={21},
  pages={7381},
  year={2021},
  publisher={https://www.mdpi.com/1996-1073/14/21/7381}
}

@misc{sahin2022method,
  title={Method of reducing estimation vectors in a model predictive control of alternating current motors},
  author={Sahin, Ilker and Keysan, Ozan},
  year={2022},
  month=sep # "~20",
  note={US Patent 11,451,174}
}

@inproceedings{tosun2022muzzle,
  title={Muzzle Voltage Characteristics of Railguns},
  author={Tosun, Nail and G{\"u}lletutan, G{\"o}rkem and Keysan, Ozan},
  booktitle={2021 IEEE Pulsed Power Conference (PPC)},
  year={2022},
  organization={2021 IEEE Pulsed Power Conference (PPC)}
}

@article{tosun2022sensitivity,
  title={Sensitivity Analysis for the Inductance Gradient of EMFY-3 Electromagnetic Launcher},
  author={Tosun, Nail and Karag{\"o}z, Mustafa and Y{\i}ld{\i}r{\i}m, Baran and Keysan, Ozan},
  journal={IEEE Transactions on Plasma Science},
  pages={1--6},
  year={2022},
  publisher={IEEE}
}

@inproceedings{tosun2022electromagnetic,
  title={Electromagnetic Launcher Speed Control with a Multilevel Fast Triggering Time Algorithm (MFTTA)},
  author={Tosun, Nail and Polat, Hakan and Keysan, Ozan},
  booktitle={2021 IEEE Pulsed Power Conference (PPC)},
  year={2022},
  organization={2021 IEEE Pulsed Power Conference (PPC)}
}

@article{ayaz2023concurrent,
  title={Concurrent Wireless Power Transfer and Motor Drive System With a Single Converter},
  author={Ayaz, Enes and Altun, Og{\"u}n and Polat, Hakan and Karakaya, Furkan and Keysan, Ozan},
  journal={IEEE Journal of Emerging and Selected Topics in Industrial Electronics},
  volume={4},
  number={1},
  pages={409--418},
  year={2023},
  publisher={IEEE}
}

@article{tosun2022muzzle,
  title={Muzzle Voltage Experiments of the EMFY-3 Launcher},
  author={Tosun, Nail and Karagoz, Mustafa and Yurdakonar, Ferhat and Gulletutan, Gorkem and Yildirim, Baran and Keysan, Ozan},
  journal={IEEE Transactions on Plasma Science},
  volume={50},
  number={10},
  pages={3434--3442},
  year={2022},
  publisher={IEEE}
}

@misc{sahin2022elektrik,
  title={Elektrik makinalar{\i} i{\c{c}}in bir ar{\i}za erken te{\c{s}}his y{\"o}ntemi},
  author={Sahin, {\.I}lker and Keysan, Ozan},
  year={2022},
  month=jul # "~29",
  note={TR Patent 2019-GE-545,971}
}

@misc{cakal2022elektrik,
  title={ELEKTR{\.I}K MAK{\.I}NALARI {\.I}{\c{C}}{\.I}N B{\.I}R SARGI Y{\"O}NTEM{\.I}},
  author={Cakal, Gokhan and Keysan, Ozan},
  year={2022},
  month=jan # "~31",
  note={TR Patent 2019-GE-542,528}
}

@misc{sahin2022alternatif,
  title={Alternatif Akim Motorlarin Model Kesitirimci Denetiminde Tahmin Vekt{\"o}rlerini Azaltan Y{\"o}ntem},
  author={Sahin, {\.I}lker and Keysan, Ozan},
  year={2022},
  month=jan # "~10",
  note={TR Patent 2018-GE-419,354}
}

@article{el2022active,
  title={Active fault detection using time and frequency diagnostic features for electrical machine},
  author={El-Dalahmeh, M and Al-Greer, Maheer and Demirel, Aykut and Keysan, Ozan},
  year={2022},
  publisher={IET Digital Library}
}

@article{tokgoz2022design,
  title={Design of an optimized PCB motor with a GAN switched integrated motor drive},
  author={Tokg{\"o}z, FURKAN and G{\"u}lsuna, O and Karakaya, FURKAN and {\c{C}}akal, G{\"O}KHAN and Keysan, Ozan},
  year={2022},
  publisher={IET Digital Library}
}

@inproceedings{ayaz2022generalized,
  title={Generalized Model of Modular Two Element Compensated IPT Systems with Common DC-Bus},
  author={Ayaz, Enes and Altun, Og{\"u}n and Polat, Hakan and Keysan, Ozan},
  booktitle={2022 Wireless Power Week (WPW)},
  pages={260--265},
  year={2022},
  organization={IEEE}
}

@inproceedings{altun2022modular,
  title={A Modular Inductive Power Transfer System for Synchronous Machine Field Excitation},
  author={Altun, Og{\"u}n and Ayaz, Enes and Polat, Hakan and Keysan, Ozan},
  booktitle={2022 Wireless Power Week (WPW)},
  pages={476--481},
  year={2022},
  organization={IEEE}
}

@article{ayaz2023fault,
  title={Fault Tolerant Multi-Tx/Multi-Rx Inductive Power Transfer System with a Resonator Coil},
  author={Ayaz, Enes and Altun, Og{\"u}n and Polat, Hakan and Keysan, Ozan},
  journal={IEEE Journal of Emerging and Selected Topics in Power Electronics},
  volume={11},
  number={1},
  pages={1272--1284},
  year={2023},
  publisher={IEEE}
}

@article{tokgoz2023mechanical,
  title={Mechanical and Thermal Design of an Optimized PCB Motor for an Integrated Motor Drive System with GaNFETs},
  author={Tokgoz, Furkan and G{\"u}lsuna, {\"O}zg{\"u}r, Karakaya, Furkan and {\c{C}}akal, G{\"o}khan and Keysan, Ozan},
  journal={IEEE Transactions on Energy Conversion},
  volume={38},
  number={1},
  pages={653--663},
  year={2023},
  publisher={IEEE}
}

@article{ayaz2023carrier,
  title={Carrier Phase Shift Method of SPWM for Concurrent Wired and Wireless Power Transfer Systems},
  author={Ayaz, Enes and Altun, Og{\"u}n and Keysan, Ozan},
  journal={IEEE Transactions on Industrial Electronics},
  volume={70},
  number={9},
  pages={8645--8654},
  year={2023},
  publisher={IEEE}
}

@inproceedings{yurdakonar2022elektromanyetik,
  title={Elektromanyetik F{\i}rlat{\i}c{\i}lar{\i}n {\.I}{\c{c}}b{\"u}key Armat{\"u}r {\c{S}}eklinin {\c{C}}ok Ama{\c{c}}l{\i} Genetik Algoritma ile Optimizasyonu},
  author={Yurdakonar, Ferhat and G{\"u}lletutan, G{\"o}rkem and Tosun, Nail and Keysan, Ozan and Cans{\i}z, Ahmet},
  booktitle={ELECO 2022},
  volume={1},
  number={1},
  pages={1--5},
  year={2022}
}

@article{barati2023hierarchical,
  title={A Hierarchical Control of Supercapacitor and Microsources in Islanded DC Microgrids},
  author={Barati, Farhad and Ahmadi, Behzad and Keysan, Ozan},
  journal={IEEE Access},
  year={2023},
  publisher={IEEE}
}

@inproceedings{tosun2023winding,
  title={Winding Type Alternation of a Refurbished Old Generator},
  author={Tosun, Nail and G{\"u}lletutan, G{\"o}rkem and Yakut, Muhammet Samet and Yilmaz, Deniz Alp and Bayer, {\"O}zg{\"u}r and Keysan, Ozan},
  booktitle={2023 IEEE Workshop on Electrical Machines Design, Control and Diagnosis (WEMDCD)},
  pages={1--6},
  year={2023},
  organization={IEEE}
}

@article{ayaz2023variable,
  title={Variable Carrier Phase Shift Method for Integrated Contactless Field Excitation System of Electrically Excited Synchronous Motors},
  author={Ayaz, Enes and Altun, Og{\"u}n and Keysan, Ozan},
  journal={IEEE Transactions on Power Electronics},
  volume={38},
  number={10},
  pages={13243--13253},
  year={2023},
  publisher={IEEE}
}

@article{novakmachines,
  title={Machines and Drives An Improved Calculation Method of Coil Offset on the Large-Caliber Magnetic Field Immunity Testing System for ITER........................................... Y. Huang, L. Jiang, G. Gao, H. Lei, P. Wu, and J. Zhang 8688 Magnetic Flux Bias Compensation Based on Voltage Injection Method With an Auxiliary DC/DC Converter................................................... Z. Chen, Y. He, G. Ding, Q. Zhou, Y. Zhang, and Y. Zhang 8698},
  author={Novak, M and Grobelna, I and Nyman, UM and Szczesniak, P and Blaabjerg, F and Yuan, H and Lam, HS and Beniwal, N and Tan, SC and Pou, J and others}
}

@article{al2023autonomous,
  title={Autonomous Faults Detection and Diagnosis of Permanent Magnet Synchronous Motors Using Combined Variational Mode Decomposition Plus Hilbert-Huang Transform and Convolution Neural Network},
  author={Al-Greer, Maher and Bashir, Imran and El-Dalahmeh, Mo'ath and Demirel, Aykut and Keysan, Ozan},
  journal={Computers and Electrical Engineering},
  volume={110},
  year={2023},
  publisher={Elseiver}
}

@article{oner2023neural,
  title={Neural Networks Detect Inter-Turn Short Circuit Faults Using Inverter Switching Statistics for a Closed-Loop Controlled Motor Drive},
  author={Oner, Mustafa Umit and {\c{S}}ahin, {\.I}lker and Keysan, Ozan},
  journal={IEEE Transactions on Energy Conversion},
  volume={38},
  number={4},
  pages={2387--2395},
  year={2023},
  publisher={IEEE}
}

@inproceedings{alemdar2023investigation,
  title={Investigation of ripple minimization in asymmetric interleaved boost converters for vehicle-integrated photovoltaics (VIPV) applications},
  author={Alemdar, Ozturk Sahin and Altun, Ogun and Keysan, Ozan},
  booktitle={PCIM Europe 2023; International Exhibition and Conference for Power Electronics, Intelligent Motion, Renewable Energy and Energy Management},
  pages={1--9},
  year={2023},
  organization={VDE}
}

@inproceedings{gulletutan2023scaling,
  title={Scaling Laws for Electromagnetic Launchers Considering an Existing Pulse Power Supply},
  author={G{\"u}lletutan, G{\"o}rkem and Tosun, Nail and Keysan, Ozan},
  booktitle={2023 IEEE Pulsed Power Conference (PPC)},
  year={2023},
  organization={IEEE}
}

@article{alemdar2024ripple,
  title={Ripple Minimization in Asymmetric Interleaved DC-DC Converters Using Neural Networks},
  author={Alemdar, O. Sahin and Oner, Mustafa Umit and Altun, Ogun and Keysan, Ozan},
  journal={IEEE Transactions on Power Electronics},
  volume={39},
  number={3},
  pages={3411--3421},
  year={2024},
  publisher={IEEE}
}

@article{keysan2020design,
  title={Design and Analysis of a 2.5 MW Hybrid Excited Synchronous Wind Turbine Generator With Two Separate Rotors},
  author={Keysan, Ozan and others},
  year={2020}
}

@article{mokhtare2024optimal,
  title={Optimal sizing of battery energy storage system for a large-scale offshore wind power plant considering grid code constraints: A Turkish case study},
  author={Mokhtare, Mohammad Hossein and Keysan, Ozan},
  journal={IET Renewable Power Generation},
  pages={1--10},
  year={2024},
  publisher={IET Wiley}
}

@misc{csahin2022turkey,
  title={Turkey’s Decarbonization Pathway Net Zero in 2050},
  author={{\c{S}}ahin, {\"U} and T{\"o}r, OB and Kat, B and Teimourzadeh, S and Demirkol, K and K{\"u}nar, A and Voyvoda, E and Yeldan, AE},
  year={2022}
}

@misc{pouraltafi2021centralized,
  title={Centralized Microgrid Control System in Compliance with IEEE 2030.7 Standard Based on an Advanced Field Unit. Energies 2021, 14, 7381},
  author={Pouraltafi-kheljan, S and Ugur, M and Bozulu, E and {\c{C}}aliskan, BC and Keysan, O and Gol, M},
  year={2021},
  publisher={s Note: MDPI stays neutral with regard to jurisdictional claims in published~…}
}

@article{demirel2024non,
  title={Non-invasive real-time diagnosis of PMSM faults implemented in motor control software for mission critical applications},
  author={Demirel, Aykut and Keysan, Ozan and Al-Greer, Maher and others},
  journal={Measurement},
  volume={232},
  pages={114684},
  year={2024},
  publisher={Elsevier}
}

@article{gulsuna2024design,
  title={Design and Analysis of a GaN-Based Megahertz Integrated Motor Drive for a PCB Motor},
  author={Gulsuna, Ozgur and Tokgoz, Furkan and Karakaya, Furkan and Keysan, Ozan},
  journal={IEEE Transactions on Industrial Electronics},
  year={2024},
  publisher={IEEE}
}

@inproceedings{inanir2018fem,
  title={FEM Analyses of AC Loss of an HTS Coil by the Changing Frequencies and Directions of the Applied Field},
  author={{\.I}nan{\i}r, Fedai and Y{\i}ld{\i}z, {\c{S}}{\"u}kr{\"u} and Bak, Bekir and Keysan, Ozan},
  booktitle={SETSCI-Conference Proceedings},
  volume={2},
  pages={229--229},
  year={2018},
  organization={SETSCI-Conference Proceedings}
}

@article{safavi2024early,
  title={Early prediction of battery remaining useful life using CNN-XGBoost model and Coati optimization algorithm},
  author={Safavi, Vahid and Vaniar, Arash Mohammadi and Bazmohammadi, Najmeh and Vasquez, Juan C and Keysan, Ozan and Guerrero, Josep M},
  journal={Journal of Energy Storage},
  volume={98},
  pages={113176},
  year={2024},
  publisher={Elsevier}
}

@article{safavi2024battery,
  title={A Battery Degradation-Aware Energy Management System for Agricultural Microgrids},
  author={Safavi, Vahid and Vaniar, Arash Mohammadi and Bazmohammadi, Najmeh and Vasquez, Juan C and Keysan, Ozan and Guerrero, Josep M},
  journal={Journal of Energy Storage},
  year={2024},
  publisher={Elsevier}
}

@inproceedings{cay2024modeling,
  title={Modeling and Simulation of Fluxgate based Current Sensor},
  author={Cay, Yunus and Demirok, Erhan and Keysan, Ozan},
  booktitle={PCIM Europe 2024; International Exhibition and Conference for Power Electronics, Intelligent Motion, Renewable Energy and Energy Management},
  pages={3242--3250},
  year={2024},
  organization={VDE}
}
